@misc{k0-1,
  author={Kubernetes documentation},
  title = {Kubernetes Overview},
  year = {2024},
  url = {https://kubernetes.io/docs/concepts/overview/},
  note = {(cit on page kubernetes-section0)}
}

@misc{k1-1,
  author={RAFT documentation},
  title = {RAFT algorithm},
  year = {2024},
  url = {https://raft.github.io/},
  note = {(cit on page kubernetes-section1)}
}

@misc{k1-2,
  author={Sidero Labs},
  title = {Split Brain scenario},
  year = {2024},
  url = {https://www.siderolabs.com/blog/why-should-a-kubernetes-control-plane-be-three-nodes/},
  note = {(cit on page kubernetes-section1)}
}

@misc{k2-1,
  author={K3s documentation},
  title = {Best environment for K3s},
  year = {2024},
  url = {https://docs.k3s.io/},
  note = {(cit on page kubernetes-section2)}
}

@article{a2-1,
	title={An edge-based architecture for Phasor measurements in smart grids},
	author={Stefano Galantino, Fulvio Risso, Andrea Cazzaniga, Fabrizio Garrone, Roberta Terruggia, Riccardo Lazzari},
	journal={2022 AEIT International Annual Conference (AEIT)},
	volume={},
	number={},
	pages={1-6},
	year={2022}
} 

@article{a2-2,
  author = {Sebastiano La Terra},
  title = {ANALYSIS OF THE RESILIENCE OF MONITORING SERVICES IN SMART GRID},
  school = {Polytechnic University of Turin},
  year = {2022},
  url = {https://webthesis.biblio.polito.it/24583/},
  type = {Master’s Degree Thesis}
}

@misc{a3-1,
  author={K3s documentation},
  title = {Large cluster consideration},
  year = {2024},
  url = {https://kubernetes.io/docs/setup/best-practices/cluster-large/},
  note = {(cit on page kubernetes-section2)}
}

@misc{l0-1,
  author={Liqo documentation},
  title = {Liqo definition},
  year = {2024},
  url = {https://docs.liqo.io/en/v0.11.0-rc.3/},
  note = {(cit on page kubernetes-section2)}
}

@misc{l1-1,
  author={Liqo documentation},
  title = {Liqo CTL tool},
  year = {2024},
  url = {https://docs.liqo.io/en/v0.11.0-rc.3/installation/liqoctl.html},
  note = {(cit on page kubernetes-section2)}
}

@article{l1-2,
  author = {Giuseppe Alicino},
  title = {Prototyping a cloud resource broker},
  school = {Polytechnic University of Turin},
  year = {2021},
  url = {https://webthesis.biblio.polito.it/21145/},
  page = {37},
  type = {Master’s Degree Thesis}
}

@misc{l2-1,
  author={Riccardo Medina},
  title = {Issue distributed database},
  year = {2024},
  url = {https://github.com/liqotech/liqo/issues/2386},
  note = {(cit on page kubernetes-section2)}
}

@misc{e1-1,
  author={Crownlabs authors},
  title = {Crownlabs History},
  year = {2024},
  url = {https://crownlabs.polito.it/about/},
  note = {(cit on page kubernetes-section2)}
}

@misc{i1-1,
  author={Wikipedia},
  title = {Dispacciamento},
  year = {2024},
  url = {https://it.wikipedia.org/wiki/Dispacciamento},
  note = {(cit on page kubernetes-section0)}
}

@misc{i1-2,
  author={Terna},
  title = {Terna},
  year = {2024},
  url = {https://www.terna.it/it},
  note = {(cit on page kubernetes-section0)}
}

@article{s2-1,
  title={Computing without borders: The way towards liquid computing},
  author={Iorio, Marco and Risso, Fulvio and Palesandro, Alex and Camiciotti, Leonardo and Manzalini, Antonio},
  journal={IEEE Transactions on Cloud Computing},
  volume={11},
  number={3},
  pages={2820--2838},
  year={2022},
  publisher={IEEE}
}

@misc{e2-1,
  author={e-distribuzione},
  title = {Piano di Sviluppo 2023, page 101},
  year = {2023},
  url = {https://www.e-distribuzione.it/content/dam/e-distribuzione/documenti/piano-di-sviluppo/Piano_di_sviluppo_2023_ARERA.pdf},
  note = {(cit on page kubernetes-section0)}
}

@misc{e2-2,
  author={e-distribuzione},
  title = {Piano di Sviluppo 2023, page 51},
  year = {2023},
  url = {https://www.e-distribuzione.it/content/dam/e-distribuzione/documenti/piano-di-sviluppo/Piano_di_sviluppo_2023_ARERA.pdf},
  note = {(cit on page kubernetes-section0)}
}

@article{e3-1,
  author = {Sebastiano La Terra},
  title = {ANALYSIS OF THE RESILIENCE OF MONITORING SERVICES IN SMART GRID},
  school = {Polytechnic University of Turin},
  pages={45--47},
  year = {2022},
  url = {https://webthesis.biblio.polito.it/24583/},
  type = {Master’s Degree Thesis}
}

@inproceedings{k2-1,
  title={Profiling Lightweight Container Platforms: MicroK8s and K3s in Comparison to Kubernetes.},
  author={B{\"o}hm, Sebastian and Wirtz, Guido},
  booktitle={ZEUS},
  pages={65--73},
  year={2021}
}